@incollection{Baxter15,
  Title                    = {Impacts of {E}ruptions on {H}uman {H}ealth},
  Author                   = {P. J. Baxter and C. J. Horwell},
  Booktitle                = {The {E}ncylopedia of {V}olcanoes},
  Year                     = {2015},
  Pages                    = {1035--1047},
  Publisher                = {Elsevier {I}nc.},
  Editor                   = {H. Sigurdsson}
}

